@ARTICLE {I2C,
    author  = "NXP Semiconductors",
    title   = "I2C - bus specification and user manual",
    journal = "UM10204",
    year    = "2014",
    month   = "apr"
}

@INBOOK {Nunchuck,
	author    = "CSE325 Embedded Microprocessor Systems",
	title     = "I2C Interface with Wii Nunchuck",
	chapter   = "Assignment 6 - I2C Interface with Wii Nunchuck",
	publisher = "CSE325 Embedded Microprocessor Systems",
	year      = "2010"
}

@ONLINE {cmosStandard,
	author = "Kuphaldt Tony R.",
	title  = "All about circuits - Logic Signal Voltage Levels",
	month  = "mar",
	year   = "2016",
	url    = "http://www.allaboutcircuits.com/textbook/digital/chpt-3/logic-signal-voltage-levels"
}



