@ONLINE {laeringsmaal,
	author = "Ingeniør Højskolen Århus",
	title  = "AU Kursuskatalog - E3PRJ3-02-Semesterprojekt 3",
	month  = "Juli",
	year   = "2014",
	url    = "http://kursuskatalog.au.dk/da/course/67926"
}



