@manual{sysml,
	title  = "SysML Open Source Specification Project",
	author = "SysML.org",
	url    = "http://sysml.org/",
	year   = "Tilg√•et 14 Maj, 2016"
}

@misc{CandyCannon,
	author = {Thompson, Grant},
	title = {The Candy Cannon},
	howpublished = {\url{https://www.youtube.com/watch?v=VgZhQJQnnqA}},
	note = {Accessed: 2016-05-24}
}

@misc{Website:QTCreator,
 	author = {The QT Company},
 	title = {QT Creator},
 	howpublished = {\url{http://www.wiki.qt.io/Main} , \url{http://www.qt.io/ide/}},
 	note = {Accessed: 2016-05-25}
}

@misc{scrum,
 	author = {Sutherland, J. and Schwaber, K},
 	title = {Scrum},
 	howpublished = {\url{http://www.scrum.org}},
 	note = {Accessed: 2016-05-25}
}

@misc{moscow,
 	author = {DSDM Consortium},
 	title = {Moscow prioritisation},
 	howpublished = {\url{https://www.dsdm.org/content/moscow-prioritisation}},
 	note = {Accessed: 2016-05-25}
}

@misc{uml,
   	author = {Object Management Group, Inc.},
   	title = {UML},
   	howpublished = {\url{http://www.uml.org}},
   	note = {Accessed: 2016-05-25}
}

@misc{psoc,
	author = {Cypress Semiconductor Corporation},
	title = {32-Bit ARM Cortex-M PSoC},
	howpublished = {\url{http://www.cypress.com/products/32-bit-arm-cortex-m-psoc}},
	note = {Accessed: 2016-05-25}
}

@misc{nunchuck,
	author = {Wikipedia},
	title = {Wii-Remote Nunchuk},
	howpublished = {\url{https://en.wikipedia.org/wiki/Wii_Remote#Nunchuk}},
	note = {Accessed: 2016-05-25}
}

@misc{legoMotor,
	author = {Philo},
	title = {LEGO 9V Technic Motors compared characteristics},
	howpublished = {\url{http://www.philohome.com/motors/motorcomp.htm}},
	note = {Accessed: 2016-05-26}
}

@misc{i2cbus,
	author = {I2C-bus.org},
	title = {I2C-What's that?},
	howpublished = {\url{http://www.i2c-bus.org/}},
	note = {Accessed: 2016-05-26}
}

@misc{spibus,
	author = {Microchip},
	title = {SPI - Overview and Use of the PICmicro Serial Periperal Interfase},
	howpublished = {\url{http://ww1.microchip.com/downloads/en/devicedoc/spi.pdf}},
	note = {Accessed: 2016-05-26}
}

@ARTICLE {I2C,
	author  = "NXP Semiconductors",
	title   = "I2C - bus specification and user manual",
	journal = "UM10204",
	year    = "2014",
	month   = "apr"
}




